@misc{IEEE2030.5,
  month = dec,
  year = {2018},
  title = {{Smart Energy Profile Application Protocol (2030.5-2018)}},
  address = {New Jersey, USA},
  author = {Institute of Electrical and Electronics Engineers}
}

@misc{DOEAdoption,
  author      = "CutlerMerz",
  title       = "Review of Dynamic Operating Envelope Adoption by DNSPs",
  institution = "CutlerMerz",
  month        = aug,
  year        = "2022",
  howpublished = {\url{https://arena.gov.au/assets/2022/07/review-of-dynamic-operating-envelopes-from-dnsps.pdf}},
}

@misc{CalAdoption,
  author = "Gordon Lum",
  title = "California Use Case for IEEE2030.5 for Distributed Energy Renewables",
  institution = "Institute of Electrical and Electronics Engineers",
  month = dec,
  year = "2016",
  howpublished = {\url{https://smartgrid.ieee.org/bulletins/december-2016/california-use-case-for-ieee2030-5-for-distributed-energy-renewables}},
}

@misc{CSIPAus,
  author = "Australian Renewable Energy Agency",
  title = "Common Smart Inverter Profile - Australia",
  year = 2023,
  month = jan,
  howpublished = {\url{https://arena.gov.au/assets/2021/09/common-smart-inverter-profile-australia.pdf}}
}

@misc{SunspecModbusArticle,
  author = "Tom Tansy",
  title = "Get on the Modbus: An explanation of IEEE 1547 and why it matters for solar installers",
  month = mar,
  year = 2021,
  howpublished = {\url{https://solarbuildermag.com/news/get-on-the-modbus-an-explanation-of-ieee-1547-and-why-it-matters-for-solar-installers/}},
}

@misc{2030,
  author = "Institute of Electrical and Electronics Engineers", 
  title = "IEEE Guide for Smart Grid Interoperability of Energy Technology and Information Technology Operation with the Electric Power System (EPS), End-Use Applications, and Loads",
  year = 2011,
}

@misc{20305workshop,
  author = "SunSpec Alliance",
  title = "IEEE 2030.5/CA Rule 21 Foundational Workshop",
  month = jun,
  year = 2017,
  howpublished = {\url{https://sunspec.org/wp-content/uploads/2019/08/IEEE2030.5workshop.pdf}},
}

@misc{SEP1Article,
  author = "Bob Heile",
  title = "ZigBee Smart Energy",
  month = jan,
  year = "2008",
  howpublished = {\url{https://www.altenergymag.com/article/2008/10/zigbee-smart-energy/468/}}
}

@misc{ZigBeeSEP,
  author = "ZigBee Alliance",
  title = "ZigBee Specification FAQ",
  month = jun,
  year = "2013",
  howpublished = {\url{https://web.archive.org/web/20130627172453/http://www.zigbee.org/Specifications/ZigBee/FAQ.aspx}}

}

@misc{2030Security,
  author={Sarker, Partha S. and Venkataramanan, V. and Cardenas, D. Sebastian and Srivastava, A. and Hahn, A. and Miller, B.},
  booktitle={2020 8th Workshop on Modeling and Simulation of Cyber-Physical Energy Systems}, 
  title={Cyber-Physical Security and Resiliency Analysis Testbed for Critical Microgrids with IEEE 2030.5}, 
  year={2020},
  doi={10.1109/MSCPES49613.2020.9133689}
}

@misc{AUSDOE,
  author={Ben Weise},
  title={On the implementation and publishing of operating envelopes},
  year = {2021},
  month = {april},
  howpublished = {\url{https://arena.gov.au/assets/2021/04/evolve-on-the-implementation-and-publishing-of-operating-envelopes.pdf}},
}

@misc{eprimanual,
  author = "Electric Power Research Institute",
  title = "Electric Power Research Institute IEEE 2030.5 Client User's Manual",
  month = jul,
  year = 2018,
  howpublished = {\url{https://www.epri.com/research/products/000000003002014087}},
}

@misc{SunSpecModbus,
  author = "SunSpec Alliance",
  title = "SunSpec Modbus",
  year = 2021,
  howpublished = {\url{https://sunspec.org/sunspec-modbus-specifications/}},
} 

@misc{Rule21,
  author = "Pacific Gas and Electric Company",
  title = "Electric Rule No.21",
  year = 2023,
  month = feb,
  howpublished = {\url{https://www.pge.com/tariffs/assets/pdf/tariffbook/ELEC_RULES_21.pdf}}
}

@misc{envoy-client,
  author = "BSGIP",
  title = "envoy-client",
  year = "2021",
  howpublished = {\url{https://github.com/bsgip/envoy-client}}
}

@misc{YaSerde,
  author="Lum::Invent",
  title = "YaSerde",
  month = feb,
  year = 2023,
  howpublished = {\url{https://github.com/media-io/yaserde}},
}

@misc{SecurityMemorySafety,
  author = "Matt Miller",
  year = "2019",
  month = jul,
  title = "A proactive approach to more secure code",
  howpublished = {\url{https://msrc.microsoft.com/blog/2019/07/a-proactive-approach-to-more-secure-code/}},
}

@misc{RustPlatforms,
  author = "Rust Foundation",
  year = 2023,
  title = "Platform Support",
  howpublished = {\url{https://doc.rust-lang.org/nightly/rustc/platform-support.html}}
}

@misc{OpensslCVE,
  author = "OpenSSL",
  title = "Vulnerabilities",
  year = 2023,
  howpublished = {\url{https://www.openssl.org/news/vulnerabilities.html}},
}

@misc{TokioDocs,
  author = "Tokio",
  title = "Tokio Documentation",
  year = 2023,
  howpublished = {\url{https://docs.rs/tokio/latest/tokio/}},
}

@misc{Tokio,
  author = "Tokio",
  title = "Tokio",
  year = 2023,
  howpublished = {\url{https://github.com/tokio-rs/tokio}},
}

@misc{inheritancers,
  author = "Daniel Henry-Mantilla",
  title = "inheritance-rs",
  month = oct,
  year = 2019,
  howpublished = {\url{https://github.com/danielhenrymantilla/inheritance-rs}},
}

@misc{xsdparserrs,
  author = "Lumeo",
  title = "xsd-parser-rs",
  month = aug,
  year = 2022,
  howpublished = {\url{https://github.com/lumeohq/xsd-parser-rs}},
}

@misc{bitflags,
  author = "Bitflags",
  title = "Bitflags Documentation",
  year = 2023,
  howpublished = {\url{https://docs.rs/bitflags/latest/bitflags/}},

}

@misc{sep2clienthandbook,
  author = "Energy Queensland",
  title = "SEP2 Client Handbook",
  year = 2023,
  month = sep,
  howpublished = {\url{https://www.energex.com.au/__data/assets/pdf_file/0007/1072618/SEP2-Client-Handbook-13436740.pdf}}
}

@misc{xmlrs,
  author = "Vladimir Matveev",
  title = "xml-rs",
  year = 2023,
  month = sep,
  howpublished ={\url{https://github.com/netvl/xml-rs}}
}

@misc{xmlrsperformance,
  author = "Conrad Kramer",
  title = "Performance is not comparable to other XML parsing libraries",
  year = 2023,
  howpublished = {\url{https://github.com/netvl/xml-rs/issues/126#issuecomment-1542888016}}
}

@misc{hyper,
  author = "Hyperium",
  title = "hyper",
  year = 2023,
  month = nov,
  howpublished = {\url{https://github.com/hyperium/hyper}}
}

@misc{hyperopenssl,
  author = "Steven Fackler",
  title = "hyper-openssl",
  year = "2022",
  month = feb,
  howpublished = {\url{https://github.com/sfackler/hyper-openssl}}
}

@misc{openssl,
  author = "OpenSSL",
  title = "OpenSSL",
  year = 2023,
  howpublished = {\url{https://www.openssl.org/}},
}

@misc{x509parser,
  author = "Rusticata",
  title = "x509-parser",
  year = 2023,
  howpublished = {\url{https://github.com/rusticata/x509-parser}},
}

@misc{rfc7231,
    series =    {Request for Comments},
    number =    7231,
    howpublished =  {RFC 7231},
    publisher = {RFC Editor},
    doi =       {10.17487/RFC7231},
    url =       {https://www.rfc-editor.org/info/rfc7231},
        author =    {Roy T. Fielding and Julian Reschke},
    title =     {{Hypertext Transfer Protocol (HTTP/1.1): Semantics and Content}},
    pagetotal = 101,
    year =      2014,
    month =     jun,
    abstract =  {The Hypertext Transfer Protocol (HTTP) is a stateless \textbackslash{}\%application- level protocol for distributed, collaborative, hypertext information systems. This document defines the semantics of HTTP/1.1 messages, as expressed by request methods, request header fields, response status codes, and response header fields, along with the payload of messages (metadata and body content) and mechanisms for content negotiation.},
}

@misc{tokioopenssl,
  author = "Tokio",
  title = "tokio-openssl",
  year = 2023,
  howpublished = {\url{https://github.com/tokio-rs/tokio-openssl}},
}

@misc{hashbrown,
  title = "hashbrown Performance",
  author = "Rust",
  year = 2023,
  howpublished = {\url{https://github.com/rust-lang/hashbrown#performance}},
}

@misc{ahash,
  title = "aHash",
  author = "Tom Kaitchuck",
  year = 2023,
  howpublished = {\url{https://github.com/tkaitchuck/aHash}},
}

@misc{logcrate,
  title = "log",
  author = "Rust",
  year = 2023,
  howpublished = {\url{https://github.com/rust-lang/log}},
}

@misc{grcov,
  title = "grcov",
  author = "Mozilla",
  year = 2023,
  howpublished = {\url{https://github.com/mozilla/grcov}},
}

@misc{llvmcov,
  title = "Instrumentation-based Code Coverage",
  author = "Rust Foundation",
  year = 2023,
  howpublished = {\url{https://doc.rust-lang.org/rustc/instrument-coverage.html}},
}

@misc{relicense,
  author = "Ember Arlynx",
  title = "Relicense Assistant",
  year = 2019,
  howpublished = {\url{https://github.com/emberian/relicense-assistant/blob/master/single-issue-template.md}},
}

@misc{relicensejosh,
  author = "Josh Triplett",
  howpublished = {\url{https://news.ycombinator.com/item?id=21566968}}
}